@INPROCEEDINGS{8835233,
  author={Kocher, Paul and Horn, Jann and Fogh, Anders and Genkin, Daniel and Gruss, Daniel and Haas, Werner and Hamburg, Mike and Lipp, Moritz and Mangard, Stefan and Prescher, Thomas and Schwarz, Michael and Yarom, Yuval},
  booktitle={2019 IEEE Symposium on Security and Privacy (SP)}, 
  title={Spectre Attacks: Exploiting Speculative Execution}, 
  year={2019},
  volume={},
  number={},
  pages={1-19},
  keywords={Program processors;Microarchitecture;Registers;Arrays;Transient analysis;Hardware;Side-channel attacks;Spectre;speculative-execution;microarchitecture-security;microarchitectural-attack},
  doi={10.1109/SP.2019.00002}}

@inproceedings {217478,
author = {Moritz Lipp and Michael Schwarz and Daniel Gruss and Thomas Prescher and Werner Haas and Anders Fogh and Jann Horn and Stefan Mangard and Paul Kocher and Daniel Genkin and Yuval Yarom and Mike Hamburg},
title = {Meltdown: Reading Kernel Memory from User Space},
booktitle = {27th USENIX Security Symposium (USENIX Security 18)},
year = {2018},
isbn = {978-1-939133-04-5},
address = {Baltimore, MD},
pages = {973--990},
url = {https://www.usenix.org/conference/usenixsecurity18/presentation/lipp},
publisher = {USENIX Association},
month = aug
}

@inproceedings {220586,
author = {Esmaeil Mohammadian Koruyeh and Khaled N. Khasawneh and Chengyu Song and Nael Abu-Ghazaleh},
title = {Spectre Returns! Speculation Attacks using the Return Stack Buffer},
booktitle = {12th USENIX Workshop on Offensive Technologies (WOOT 18)},
year = {2018},
address = {Baltimore, MD},
url = {https://www.usenix.org/conference/woot18/presentation/koruyeh},
publisher = {USENIX Association},
month = aug
}

@inproceedings{10.1145/3243734.3243761,
author = {Maisuradze, Giorgi and Rossow, Christian},
title = {ret2spec: Speculative Execution Using Return Stack Buffers},
year = {2018},
isbn = {9781450356930},
publisher = {Association for Computing Machinery},
address = {New York, NY, USA},
url = {https://doi.org/10.1145/3243734.3243761},
doi = {10.1145/3243734.3243761},
ooktitle = {Proceedings of the 2018 ACM SIGSAC Conference on Computer and Communications Security},
pages = {2109â€“2122},
numpages = {14},
keywords = {side channel attacks, javascript, hardware security},
location = {Toronto, Canada},
series = {CCS '18}
}

@inproceedings{liu2015last,
  title={Last-level cache side-channel attacks are practical},
  author={Liu, Fangfei and Yarom, Yuval and Ge, Qian and Heiser, Gernot and Lee, Ruby B},
  booktitle={2015 IEEE symposium on security and privacy},
  pages={605--622},
  year={2015},
  organization={IEEE}
}

@article{horn2018speculative,
  title={speculative execution, variant 4: speculative store bypass},
  author={Horn, Jann},
  year={2018}
}

@misc{intel-channel,
  title = {Refined Speculative Execution Terminology},
  note = {\url{https://www.intel.com/content/www/us/en/developer/articles/technical/software-security-guidance/best-practices/refined-speculative-execution-terminology.html}}
}

@inproceedings{aciiccmez2006trace,
  title={Trace-driven cache attacks on AES (short paper)},
  author={Ac{\i}i{\c{c}}mez, Onur and Ko{\c{c}}, {\c{C}}etin Kaya},
  booktitle={Information and Communications Security: 8th International Conference, ICICS 2006, Raleigh, NC, USA, December 4-7, 2006. Proceedings 8},
  pages={112--121},
  year={2006},
  organization={Springer}
}

@article{tromer2010efficient,
  title={Efficient cache attacks on AES, and countermeasures},
  author={Tromer, Eran and Osvik, Dag Arne and Shamir, Adi},
  journal={Journal of Cryptology},
  volume={23},
  pages={37--71},
  year={2010},
  publisher={Springer}
}

@inproceedings{van2018foreshadow,
  title={Foreshadow: Extracting the keys to the intel $\{$SGX$\}$ kingdom with transient $\{$Out-of-Order$\}$ execution},
  author={Van Bulck, Jo and Minkin, Marina and Weisse, Ofir and Genkin, Daniel and Kasikci, Baris and Piessens, Frank and Silberstein, Mark and Wenisch, Thomas F and Yarom, Yuval and Strackx, Raoul},
  booktitle={27th USENIX Security Symposium (USENIX Security 18)},
  pages={991--1008},
  year={2018}
}

@article{weisse2018foreshadow,
  title={Foreshadow-NG: Breaking the virtual memory abstraction with transient out-of-order execution},
  author={Weisse, Ofir and Van Bulck, Jo and Minkin, Marina and Genkin, Daniel and Kasikci, Baris and Piessens, Frank and Silberstein, Mark and Strackx, Raoul and Wenisch, Thomas F and Yarom, Yuval},
  year={2018}
}

@article{stecklina2018lazyfp,
  title={Lazyfp: Leaking fpu register state using microarchitectural side-channels},
  author={Stecklina, Julian and Prescher, Thomas},
  journal={arXiv preprint arXiv:1806.07480},
  year={2018}
}

@inproceedings{canella2019systematic,
  title={A systematic evaluation of transient execution attacks and defenses},
  author={Canella, Claudio and Van Bulck, Jo and Schwarz, Michael and Lipp, Moritz and Von Berg, Benjamin and Ortner, Philipp and Piessens, Frank and Evtyushkin, Dmitry and Gruss, Daniel},
  booktitle={28th USENIX Security Symposium (USENIX Security 19)},
  pages={249--266},
  year={2019}
}

@article{szefer2019survey,
  title={Survey of microarchitectural side and covert channels, attacks, and defenses},
  author={Szefer, Jakub},
  journal={Journal of Hardware and Systems Security},
  volume={3},
  number={3},
  pages={219--234},
  year={2019},
  publisher={Springer}
}

@inproceedings{van2019ridl,
  title={RIDL: Rogue in-flight data load},
  author={Van Schaik, Stephan and Milburn, Alyssa and {\"O}sterlund, Sebastian and Frigo, Pietro and Maisuradze, Giorgi and Razavi, Kaveh and Bos, Herbert and Giuffrida, Cristiano},
  booktitle={2019 IEEE Symposium on Security and Privacy (SP)},
  pages={88--105},
  year={2019},
  organization={IEEE}
}

@inproceedings{song2001timing,
  title={Timing analysis of keystrokes and timing attacks on $\{$SSH$\}$},
  author={Song, Dawn Xiaodong and Wagner, David and Tian, Xuqing},
  booktitle={10th USENIX Security Symposium (USENIX Security 01)},
  year={2001}
}

@inproceedings{van2020lvi,
  title={LVI: Hijacking transient execution through microarchitectural load value injection},
  author={Van Bulck, Jo and Moghimi, Daniel and Schwarz, Michael and Lippi, Moritz and Minkin, Marina and Genkin, Daniel and Yarom, Yuval and Sunar, Berk and Gruss, Daniel and Piessens, Frank},
  booktitle={2020 IEEE Symposium on Security and Privacy (SP)},
  pages={54--72},
  year={2020},
  organization={IEEE}
}

@inproceedings{bhattacharyya2019smotherspectre,
  title={Smotherspectre: exploiting speculative execution through port contention},
  author={Bhattacharyya, Atri and Sandulescu, Alexandra and Neugschwandtner, Matthias and Sorniotti, Alessandro and Falsafi, Babak and Payer, Mathias and Kurmus, Anil},
  booktitle={Proceedings of the 2019 ACM SIGSAC Conference on Computer and Communications Security},
  pages={785--800},
  year={2019}
}

@article{schwarz2019store,
  title={Store-to-leak forwarding: leaking data on meltdown-resistant CPUs (updated and extended version)},
  author={Schwarz, Michael and Canella, Claudio and Giner, Lukas and Gruss, Daniel},
  journal={arXiv preprint arXiv:1905.05725},
  year={2019}
}

@article{oleksenko2023hide,
  title={Hide and Seek with Spectres: Efficient discovery of speculative information leaks with random testing},
  author={Oleksenko, Oleksii and Guarnieri, Marco and K{\"o}pf, Boris and Silberstein, Mark},
  journal={arXiv preprint arXiv:2301.07642},
  year={2023}
}

@inproceedings{moghimi2020medusa,
  title={Medusa: Microarchitectural data leakage via automated attack synthesis},
  author={Moghimi, Daniel and Lipp, Moritz and Sunar, Berk and Schwarz, Michael},
  booktitle={29th USENIX Security Symposium (USENIX Security 20)},
  pages={1427--1444},
  year={2020}
}

@inproceedings{weber2021osiris,
  title={Osiris: Automated discovery of microarchitectural side channels},
  author={Weber, Daniel and Ibrahim, Ahmad and Nemati, Hamed and Schwarz, Michael and Rossow, Christian},
  booktitle={30th USENIX Security Symposium (USENIX Security 21)},
  pages={1415--1432},
  year={2021}
}


@inproceedings{yarom2014flush+,
  title={$\{$FLUSH+ RELOAD$\}$: A high resolution, low noise, l3 cache $\{$Side-Channel$\}$ attack},
  author={Yarom, Yuval and Falkner, Katrina},
  booktitle={23rd USENIX security symposium (USENIX security 14)},
  pages={719--732},
  year={2014}
}

@article{kiriansky2018speculative,
  title={Speculative buffer overflows: Attacks and defenses},
  author={Kiriansky, Vladimir and Waldspurger, Carl},
  journal={arXiv preprint arXiv:1807.03757},
  year={2018}
}

@misc{Spectre-v4,
  title = {speculative execution, variant 4: speculative store bypass},
  author = {J. Horn},
  note = {\url{https://bugs.chromium.org/p/project-zero/issues/detail?id=1528} Accessed: January, 2025}
}

@article{fog2016microarchitecture,
  title={The microarchitecture of Intel, AMD and VIA CPUs: An optimization guide for assembly programmers and compiler makers},
  author={Fog, Agner},
  journal={Software optimization resources},
  year={2016}
}

@article{wang2018oo7,
  title={oo7: Low-overhead defense against spectre attacks via binary analysis},
  author={Wang, Guanhua and Chattopadhyay, Sudipta and Gotovchits, Ivan and Mitra, Tulika and Roychoudhury, Abhik},
  journal={arXiv preprint arXiv:1807.05843},
  year={2018}
}

@misc{LLVM-SLH,
  title = {Speculative Load Hardening},
  author = {Chandler Carruth},
  year = {2018},
  note = {\url{https://llvm.org/docs/SpeculativeLoadHardening.html}}
}

@inproceedings{guarnieri2020spectector,
  title={Spectector: Principled detection of speculative information flows},
  author={Guarnieri, Marco and K{\"o}pf, Boris and Morales, Jos{\'e} F and Reineke, Jan and S{\'a}nchez, Andr{\'e}s},
  booktitle={2020 IEEE Symposium on Security and Privacy (SP)},
  pages={1--19},
  year={2020},
  organization={IEEE}
}

@article{wang2020kleespectre,
  title={KLEESpectre: Detecting information leakage through speculative cache attacks via symbolic execution},
  author={Wang, Guanhua and Chattopadhyay, Sudipta and Biswas, Arnab Kumar and Mitra, Tulika and Roychoudhury, Abhik},
  journal={ACM Transactions on Software Engineering and Methodology (TOSEM)},
  volume={29},
  number={3},
  pages={1--31},
  year={2020},
  publisher={ACM New York, NY, USA}
}

@inproceedings{oleksenko2020specfuzz,
  title={$\{$SpecFuzz$\}$: Bringing spectre-type vulnerabilities to the surface},
  author={Oleksenko, Oleksii and Trach, Bohdan and Silberstein, Mark and Fetzer, Christof},
  booktitle={29th USENIX Security Symposium (USENIX Security 20)},
  pages={1481--1498},
  year={2020}
}

@inproceedings{qi2021spectaint,
  title={SpecTaint: Speculative Taint Analysis for Discovering Spectre Gadgets.},
  author={Qi, Zhenxiao and Feng, Qian and Cheng, Yueqiang and Yan, Mengjia and Li, Peng and Yin, Heng and Wei, Tao},
  booktitle={NDSS},
  pages={1--14},
  year={2021}
}

@inproceedings{johannesmeyer2022kasper,
  title={Kasper: Scanning for Generalized Transient Execution Gadgets in the Linux Kernel.},
  author={Johannesmeyer, Brian and Koschel, Jakob and Razavi, Kaveh and Bos, Herbert and Giuffrida, Cristiano},
  booktitle={NDSS},
  volume={1},
  pages={12},
  year={2022}
}

@misc{Spectre-Scanner,
  title = {SPECTRE Variant 1 scanning tool},
  author = {},
  year = {2018},
  note = {\url{https://access.redhat.com/blogs/766093/posts/3510331}}
}

@inproceedings{mambretti2019speculator,
  title={Speculator: a tool to analyze speculative execution attacks and mitigations},
  author={Mambretti, Andrea and Neugschwandtner, Matthias and Sorniotti, Alessandro and Kirda, Engin and Robertson, William and Kurmus, Anil},
  booktitle={Proceedings of the 35th Annual Computer Security Applications Conference},
  pages={747--761},
  year={2019}
}

@inproceedings{cadar2008klee,
  title={Klee: unassisted and automatic generation of high-coverage tests for complex systems programs.},
  author={Cadar, Cristian and Dunbar, Daniel and Engler, Dawson R and others},
  booktitle={OSDI},
  volume={8},
  pages={209--224},
  year={2008}
}

@article{baldoni2018survey,
  title={A survey of symbolic execution techniques},
  author={Baldoni, Roberto and Coppa, Emilio and Dâ€™elia, Daniele Cono and Demetrescu, Camil and Finocchi, Irene},
  journal={ACM Computing Surveys (CSUR)},
  volume={51},
  number={3},
  pages={1--39},
  year={2018},
  publisher={ACM New York, NY, USA}
}

@inproceedings{serebryany2012addresssanitizer,
  title={$\{$AddressSanitizer$\}$: A fast address sanity checker},
  author={Serebryany, Konstantin and Bruening, Derek and Potapenko, Alexander and Vyukov, Dmitriy},
  booktitle={2012 USENIX annual technical conference (USENIX ATC 12)},
  pages={309--318},
  year={2012}
}

@misc{Honggfuzz,
  title = {Honggfuzz},
  author = {},
  note = {\url{https://honggfuzz.dev/} Accessed: January 2025}
}

@misc{intel-meltdown,
  author = {INTEL},
  title = {Q2 2018 Speculative Execution Side Channel Update},
  note = {\url{https://www.intel.com/content/www/us/en/security-center/advisory/intel-sa-00115.html} Accessed: January 2025}
}

@article{stecklina2018lazyfp,
  title={Lazyfp: Leaking fpu register state using microarchitectural side-channels},
  author={Stecklina, Julian and Prescher, Thomas},
  journal={arXiv preprint arXiv:1806.07480},
  year={2018}
}

@misc{intel-meltdown-defence,
  author = {INTEL},
  title = {L1 Terminal Fault / CVE-2018-3615 , CVE-2018-3620,CVE-2018-3646 / INTEL-SA-00161},
  note = {\url{https://www.intel.com/content/www/us/en/developer/articles/technical/software-security-guidance/advisory-guidance/l1-terminal-fault.html} Accessed: January 2025}
}

@misc{KAISER,
  author = {Jonathan Corbet},
  title = {The current state of kernel page-table isolation},
  note = {\url{https://lwn.net/Articles/741878/} Accessed: January 2025}
}

@inproceedings{yan2018invisispec,
  title={Invisispec: Making speculative execution invisible in the cache hierarchy},
  author={Yan, Mengjia and Choi, Jiho and Skarlatos, Dimitrios and Morrison, Adam and Fletcher, Christopher and Torrellas, Josep},
  booktitle={2018 51st Annual IEEE/ACM International Symposium on Microarchitecture (MICRO)},
  pages={428--441},
  year={2018},
  organization={IEEE}
}

@inproceedings{saileshwar2019cleanupspec,
  title={Cleanupspec: An" undo" approach to safe speculation},
  author={Saileshwar, Gururaj and Qureshi, Moinuddin K},
  booktitle={Proceedings of the 52nd Annual IEEE/ACM International Symposium on Microarchitecture},
  pages={73--86},
  year={2019}
}

@inproceedings{weisse2019nda,
  title={NDA: Preventing speculative execution attacks at their source},
  author={Weisse, Ofir and Neal, Ian and Loughlin, Kevin and Wenisch, Thomas F and Kasikci, Baris},
  booktitle={Proceedings of the 52nd Annual IEEE/ACM International Symposium on Microarchitecture},
  pages={572--586},
  year={2019}
}

@inproceedings{schwarz2020context,
  title={Context: A generic approach for mitigating spectre},
  author={Schwarz, Michael and Lipp, Moritz and Canella, Claudio Alberto and Schilling, Robert and Kargl, Florian and Gruss, Daniel},
  booktitle={Network and Distributed System Security Symposium 2020},
  year={2020}
}

@inproceedings{reis2019site,
  title={Site isolation: Process separation for web sites within the browser},
  author={Reis, Charles and Moshchuk, Alexander and Oskov, Nasko},
  booktitle={28th USENIX Security Symposium (USENIX Security 19)},
  pages={1661--1678},
  year={2019}
}

@inproceedings{narayan2021swivel,
  title={Swivel: Hardening $\{$WebAssembly$\}$ against spectre},
  author={Narayan, Shravan and Disselkoen, Craig and Moghimi, Daniel and Cauligi, Sunjay and Johnson, Evan and Gang, Zhao and Vahldiek-Oberwagner, Anjo and Sahita, Ravi and Shacham, Hovav and Tullsen, Dean and others},
  booktitle={30th USENIX Security Symposium (USENIX Security 21)},
  pages={1433--1450},
  year={2021}
}

@INPROCEEDINGS{9152786,
  author={Koruyeh, Esmaeil Mohammadian and Haji Amin Shirazi, Shirin and Khasawneh, Khaled N. and Song, Chengyu and Abu-Ghazaleh, Nael},
  booktitle={2020 IEEE Symposium on Security and Privacy (SP)}, 
  title={SpecCFI: Mitigating Spectre Attacks using CFI Informed Speculation}, 
  year={2020},
  volume={},
  number={},
  pages={39-53},
  keywords={Hardware;Security;Software;Complexity theory;Law;Androids},
  doi={10.1109/SP40000.2020.00033}}

@misc{intel-security,
  author = {INTEL},
  title = {Affected Processors: Guidance for Security Issues on IntelÂ® Processors},
  note = {\url{https://www.intel.com/content/www/us/en/developer/topic-technology/software-security-guidance/processors-affected-consolidated-product-cpu-model.html#tab-blade-1-1} Accessed: January 2025}
}

@misc{OpenSSL,
  title = {OpenSSL},
  author = {},
  note = {\url{https://openssl-library.org/} Accessed: January 2025}
}

@misc{spectre-v1-gadget,
  title = {Spectre Mitigations in Microsoft's C/C++ Compiler},
  author = {Paul Kocher},
  year = {2018},
  note = {\url{https://www.paulkocher.com/doc/MicrosoftCompilerSpectreMitigation.html} Accessed: January 2025}
}

@inproceedings{bohme2017directed,
  title={Directed greybox fuzzing},
  author={B{\"o}hme, Marcel and Pham, Van-Thuan and Nguyen, Manh-Dung and Roychoudhury, Abhik},
  booktitle={Proceedings of the 2017 ACM SIGSAC conference on computer and communications security},
  pages={2329--2344},
  year={2017}
}

@inproceedings{babic2019fudge,
  title={Fudge: fuzz driver generation at scale},
  author={Babi{\'c}, Domagoj and Bucur, Stefan and Chen, Yaohui and Ivan{\v{c}}i{\'c}, Franjo and King, Tim and Kusano, Markus and Lemieux, Caroline and Szekeres, L{\'a}szl{\'o} and Wang, Wei},
  booktitle={Proceedings of the 2019 27th ACM Joint Meeting on European Software Engineering Conference and Symposium on the Foundations of Software Engineering},
  pages={975--985},
  year={2019}
}
