@INPROCEEDINGS{8835233,
  author={Kocher, Paul and Horn, Jann and Fogh, Anders and Genkin, Daniel and Gruss, Daniel and Haas, Werner and Hamburg, Mike and Lipp, Moritz and Mangard, Stefan and Prescher, Thomas and Schwarz, Michael and Yarom, Yuval},
  booktitle={2019 IEEE Symposium on Security and Privacy (SP)}, 
  title={Spectre Attacks: Exploiting Speculative Execution}, 
  year={2019},
  volume={},
  number={},
  pages={1-19},
  keywords={Program processors;Microarchitecture;Registers;Arrays;Transient analysis;Hardware;Side-channel attacks;Spectre;speculative-execution;microarchitecture-security;microarchitectural-attack},
  doi={10.1109/SP.2019.00002}}

@inproceedings {217478,
author = {Moritz Lipp and Michael Schwarz and Daniel Gruss and Thomas Prescher and Werner Haas and Anders Fogh and Jann Horn and Stefan Mangard and Paul Kocher and Daniel Genkin and Yuval Yarom and Mike Hamburg},
title = {Meltdown: Reading Kernel Memory from User Space},
booktitle = {27th USENIX Security Symposium (USENIX Security 18)},
year = {2018},
isbn = {978-1-939133-04-5},
address = {Baltimore, MD},
pages = {973--990},
url = {https://www.usenix.org/conference/usenixsecurity18/presentation/lipp},
publisher = {USENIX Association},
month = aug
}

@inproceedings {220586,
author = {Esmaeil Mohammadian Koruyeh and Khaled N. Khasawneh and Chengyu Song and Nael Abu-Ghazaleh},
title = {Spectre Returns! Speculation Attacks using the Return Stack Buffer},
booktitle = {12th USENIX Workshop on Offensive Technologies (WOOT 18)},
year = {2018},
address = {Baltimore, MD},
url = {https://www.usenix.org/conference/woot18/presentation/koruyeh},
publisher = {USENIX Association},
month = aug
}

@inproceedings{10.1145/3243734.3243761,
author = {Maisuradze, Giorgi and Rossow, Christian},
title = {ret2spec: Speculative Execution Using Return Stack Buffers},
year = {2018},
isbn = {9781450356930},
publisher = {Association for Computing Machinery},
address = {New York, NY, USA},
url = {https://doi.org/10.1145/3243734.3243761},
doi = {10.1145/3243734.3243761},
ooktitle = {Proceedings of the 2018 ACM SIGSAC Conference on Computer and Communications Security},
pages = {2109â€“2122},
numpages = {14},
keywords = {side channel attacks, javascript, hardware security},
location = {Toronto, Canada},
series = {CCS '18}
}

@article{horn2018speculative,
  title={speculative execution, variant 4: speculative store bypass},
  author={Horn, Jann},
  year={2018}
}

@inproceedings{van2018foreshadow,
  title={Foreshadow: Extracting the keys to the intel $\{$SGX$\}$ kingdom with transient $\{$Out-of-Order$\}$ execution},
  author={Van Bulck, Jo and Minkin, Marina and Weisse, Ofir and Genkin, Daniel and Kasikci, Baris and Piessens, Frank and Silberstein, Mark and Wenisch, Thomas F and Yarom, Yuval and Strackx, Raoul},
  booktitle={27th USENIX Security Symposium (USENIX Security 18)},
  pages={991--1008},
  year={2018}
}

@article{weisse2018foreshadow,
  title={Foreshadow-NG: Breaking the virtual memory abstraction with transient out-of-order execution},
  author={Weisse, Ofir and Van Bulck, Jo and Minkin, Marina and Genkin, Daniel and Kasikci, Baris and Piessens, Frank and Silberstein, Mark and Strackx, Raoul and Wenisch, Thomas F and Yarom, Yuval},
  year={2018}
}

@article{stecklina2018lazyfp,
  title={Lazyfp: Leaking fpu register state using microarchitectural side-channels},
  author={Stecklina, Julian and Prescher, Thomas},
  journal={arXiv preprint arXiv:1806.07480},
  year={2018}
}

@inproceedings{canella2019systematic,
  title={A systematic evaluation of transient execution attacks and defenses},
  author={Canella, Claudio and Van Bulck, Jo and Schwarz, Michael and Lipp, Moritz and Von Berg, Benjamin and Ortner, Philipp and Piessens, Frank and Evtyushkin, Dmitry and Gruss, Daniel},
  booktitle={28th USENIX Security Symposium (USENIX Security 19)},
  pages={249--266},
  year={2019}
}

@inproceedings{van2019ridl,
  title={RIDL: Rogue in-flight data load},
  author={Van Schaik, Stephan and Milburn, Alyssa and {\"O}sterlund, Sebastian and Frigo, Pietro and Maisuradze, Giorgi and Razavi, Kaveh and Bos, Herbert and Giuffrida, Cristiano},
  booktitle={2019 IEEE Symposium on Security and Privacy (SP)},
  pages={88--105},
  year={2019},
  organization={IEEE}
}

@inproceedings{van2020lvi,
  title={LVI: Hijacking transient execution through microarchitectural load value injection},
  author={Van Bulck, Jo and Moghimi, Daniel and Schwarz, Michael and Lippi, Moritz and Minkin, Marina and Genkin, Daniel and Yarom, Yuval and Sunar, Berk and Gruss, Daniel and Piessens, Frank},
  booktitle={2020 IEEE Symposium on Security and Privacy (SP)},
  pages={54--72},
  year={2020},
  organization={IEEE}
}

@inproceedings{bhattacharyya2019smotherspectre,
  title={Smotherspectre: exploiting speculative execution through port contention},
  author={Bhattacharyya, Atri and Sandulescu, Alexandra and Neugschwandtner, Matthias and Sorniotti, Alessandro and Falsafi, Babak and Payer, Mathias and Kurmus, Anil},
  booktitle={Proceedings of the 2019 ACM SIGSAC Conference on Computer and Communications Security},
  pages={785--800},
  year={2019}
}

@article{schwarz2019store,
  title={Store-to-leak forwarding: leaking data on meltdown-resistant CPUs (updated and extended version)},
  author={Schwarz, Michael and Canella, Claudio and Giner, Lukas and Gruss, Daniel},
  journal={arXiv preprint arXiv:1905.05725},
  year={2019}
}

@article{oleksenko2023hide,
  title={Hide and Seek with Spectres: Efficient discovery of speculative information leaks with random testing},
  author={Oleksenko, Oleksii and Guarnieri, Marco and K{\"o}pf, Boris and Silberstein, Mark},
  journal={arXiv preprint arXiv:2301.07642},
  year={2023}
}

@inproceedings{moghimi2020medusa,
  title={Medusa: Microarchitectural data leakage via automated attack synthesis},
  author={Moghimi, Daniel and Lipp, Moritz and Sunar, Berk and Schwarz, Michael},
  booktitle={29th USENIX Security Symposium (USENIX Security 20)},
  pages={1427--1444},
  year={2020}
}

@inproceedings{weber2021osiris,
  title={Osiris: Automated discovery of microarchitectural side channels},
  author={Weber, Daniel and Ibrahim, Ahmad and Nemati, Hamed and Schwarz, Michael and Rossow, Christian},
  booktitle={30th USENIX Security Symposium (USENIX Security 21)},
  pages={1415--1432},
  year={2021}
}

@misc{percival2005cache,
  title={Cache missing for fun and profit},
  author={Percival, Colin},
  year={2005},
  publisher={BSDCan Ottawa}
}

@inproceedings{yarom2014flush+,
  title={$\{$FLUSH+ RELOAD$\}$: A high resolution, low noise, l3 cache $\{$Side-Channel$\}$ attack},
  author={Yarom, Yuval and Falkner, Katrina},
  booktitle={23rd USENIX security symposium (USENIX security 14)},
  pages={719--732},
  year={2014}
}
